@inproceedings{van2009screen,
  title={Screen space fluid rendering with curvature flow},
  author={van der Laan, Wladimir J and Green, Simon and Sainz, Miguel},
  booktitle={Proceedings of the 2009 symposium on Interactive 3D graphics and games},
  pages={91--98},
  year={2009},
  organization={ACM}
}

@inproceedings{zhang2008adaptive,
  title={Adaptive sampling and rendering of fluids on the GPU},
  author={Zhang, Yanci and Solenthaler, Barbara and Pajarola, Renato},
  booktitle={Proceedings of the Fifth Eurographics/IEEE VGTC conference on Point-Based Graphics},
  pages={137--146},
  year={2008},
  organization={Eurographics Association}
}

@inproceedings{muller2007screen,
  title={Screen space meshes},
  author={M{\"u}ller, Matthias and Schirm, Simon and Duthaler, Stephan},
  booktitle={Proceedings of the 2007 ACM SIGGRAPH/Eurographics symposium on Computer animation},
  pages={9--15},
  year={2007},
  organization={Eurographics Association}
}

@inproceedings{stora1999animating,
  title={Animating lava flows},
  author={Stora, Dan and Agliati, Pierre-Olivier and Cani, Marie-Paule and Neyret, Fabrice and Gascuel, Jean-Dominique},
  booktitle={Graphics Interface (GI'99) Proceedings},
  pages={203--210},
  year={1999}
}

@article{fraedrich2010efficient,
  title={Efficient high-quality volume rendering of SPH data},
  author={Fraedrich, Roland and Auer, Stefan and Westermann, R{\"u}diger},
  journal={Visualization and Computer Graphics, IEEE Transactions on},
  volume={16},
  number={6},
  pages={1533--1540},
  year={2010},
  publisher={IEEE}
}

@article{phong1975illumination,
 title={Illumination for computer generated pictures},
 author={Phong, Bui Tuong},
 journal={Communications of the ACM},
 volume={18},
 number={6},
 pages={311--317},
 year={1975},
 publisher={ACM}
}

@article{perlin1985image,
  title={An image synthesizer},
  author={Perlin, Ken},
  journal={ACM Siggraph Computer Graphics},
  volume={19},
  number={3},
  pages={287--296},
  year={1985}
}

@inproceedings{rosenberg2008real,
  title={Real-time particle isosurface extraction},
  author={Rosenberg, Ilya D and Birdwell, Ken},
  booktitle={Proceedings of the 2008 symposium on Interactive 3D graphics and games},
  pages={35--43},
  year={2008},
  organization={ACM}
}

@phdthesis{williams2008fluid,
  title={Fluid surface reconstruction from particles},
  author={Williams, Brent Warren},
  year={2008},
  school={Citeseer}
}

@article{johanson2004real,
  title={Real-time water rendering},
  author={Johanson, Claes and Lejdfors, Calle},
  journal={Lund University},
  year={2004}
}

@inproceedings{schlick1994inexpensive,
  title={An Inexpensive BRDF Model for Physically-based Rendering},
  author={Schlick, Christophe},
  booktitle={Computer graphics forum},
  volume={13},
  number={3},
  pages={233--246},
  year={1994},
  organization={Wiley Online Library}
}